@book{1952Tegf,
publisher = {Acad. Sci. Publ. Inst. Teor.},
year = {1952},
title = {The external gravitational field of the Earth and the fundamental constants related to it},
}
